@book{boyer,
    title={ História da Matemática.},
    author={Boyer, C. B.},
	Edition = { 2º},
    year={1999},
    publisher={São Paulo: Edgard Blucher Ltda}
}

@book{cajori,
    title={Uma História da Matemática.},
    author={Cajori, F.},
    year={2007},
    publisher={Ciência Moderna Ltda}
}

@book{eves,
    title={ Introdução à História da Matemática.},
    author={Eves, H.},
    year={2005},
    publisher={Campinas: Unicamp}
}

@book{avila,
    title={Análise Matemática para Licenciatura.},
    author={Ávila, G.},
	Edition = {2º},
    year={2006},
    publisher={São Paulo: Edgard Blucher Ltda}
}

@book{guidorizzi,
    title={ Um Curso de Cálculo.},
    author={Guidorizzi, H. L.},
	Edition = {5º},
    year={2001},
    publisher={Rio de Janeiro: Livros Técnicos e Científicos Editora S.A}
}

@book{stewart,
    title={Cálculo: Volume I.},
    author={Stewart, J.},
	Edition = {5º},
    year={2006},
    publisher={São Paulo: Thomsom Learning}
}

@book{leithold,
    title={O Cálculo em Geometria Analítica.},
    author={Leithold, L.},
	Edition = {3º},
    year={1994},
    publisher={São Paulo: HARBRA Ltda.}
}

@book{goncalves,
    title={Cálculo A: Funções, Limite, Derivação, Integração.},
    author={Gonçalves, M. B. and Flemming, D. M. },
	Edition = {5º},
    year={1992},
    publisher={São Paulo: Makron}
}

@book{borba,
    title={A Informática em Ação: Formação de Professor, Pesquisa e Extensão.},
    author={Borba, M. C. and Penteado, M.},
    year={2000},
    publisher={São Paulo: Olho d'Água}
}












